@inproceedings{Catanzaro:SEJITS,
  title={SEJITS: Getting productivity and performance with selective embedded JIT specialization},
  author={Catanzaro, Bryan and Kamil, Shoaib and Lee, Yunsup and Asanovic, Krste and Demmel, James and Keutzer, Kurt and Shalf, John and Yelick, Kathy and Fox, Armando},
  booktitle={First Workshop on Programmable Models for Emerging Architecture at the 18th International Conference on Parallel Architectures and Compilation Techniques},
  year={2009}
}

@inproceedings{Chong:Network,
  title={Exploring recognition network representations for efficient speech inference on highly parallel platforms},
  author={Chong, Jike and Gonina, Ekaterina and You, Kisun and Keutzer, Kurt},
  booktitle={11th Annual Conference of the International Speech Communication Association (InterSpeech)},
  pages={1489--1492},
  year={2010}
}
@ARTICLE{Moore:Law,
author={Moore, G.E.},
journal={Proceedings of the IEEE}, 
title={Cramming More Components Onto Integrated Circuits},
volume={86},
number={1},
pages={82-85},
}


@INPROCEEDINGS{Pallett:WSJ,
author={Pallett, D.S.},
booktitle={Automatic Speech Recognition and Understanding, 2003. ASRU '03. 2003 IEEE Workshop on}, title={A look at NIST'S benchmark ASR tests: past, present, and future},
year={2003},
month={nov.-3 dec.},
volume={},
number={},
pages={483 -- 488},
keywords={Acoustic testing;Automatic speech recognition;Benchmark testing;Databases;NIST;Natural languages;Resource management;Speech processing;Speech recognition;System testing; error statistics; speech recognition; NIST Speech Group; WER; automatic speech recognition; benchmark ASR tests; rich transcription;},
doi={10.1109/ASRU.2003.1318488},
ISSN={},}

@inproceedings{Lee:Maven,
 author = {Lee, Yunsup and Avizienis, Rimas and Bishara, Alex and Xia, Richard and Lockhart, Derek and Batten, Christopher and Asanovi\'{c}, Krste},
 title = {Exploring the tradeoffs between programmability and efficiency in data-parallel accelerators},
 booktitle = {ISCA},
 year = {2011}
} 

@inproceedings{Krashinsky:VT,
 author = {Krashinsky, Ronny and Batten, Christopher and Hampton, Mark and Gerding, Steve and Pharris, Brian and Casper, Jared and Asanovic, Krste},
 title = {The Vector-Thread Architecture},
 booktitle = {Proceedings of the 31st annual international symposium on Computer architecture},
 series = {ISCA '04},
 year = {2004},
 pages = {52--63},
} 

@article{Russell:Cray1,
 author = {Russell, Richard M.},
 title = {The CRAY-1 computer system},
 journal = {Commun. ACM},
 issue_date = {Jan. 1978},
 volume = {21},
 number = {1},
 month = jan,
 year = {1978},
 issn = {0001-0782},
 pages = {63--72},
 numpages = {10},
 publisher = {ACM},
} 

@inproceedings{Miettinen:HotCloud,
  title={Energy efficiency of mobile clients in cloud computing},
  author={Miettinen, Antti P and Nurminen, Jukka K},
  booktitle={HotCloud},
  pages={4--10},
  year={2010}
}

@inproceedings{Gonina:GMM,
  title={Fast speaker diarization using a high-level scripting language},
  author={Gonina, Ekaterina and Friedland, Gerald and Cook, Henry and Keutzer, Kurt},
  booktitle={ASRU},
  pages={553--558},
  year={2011},
  organization={IEEE}
}

@inproceedings{Cook:GMM,
  title={Cuda-level performance with python-level productivity for gaussian mixture model applications},
  author={Cook, H and Gonina, E and Kamil, S and Friedland, G and Patterson, D and Fox, A},
  booktitle={USENIX Workshop on Hot Topics in Parallelism (HotPar)},
  year={2011}
}

@article{Venkatesh:ConservationCores,
 author = {Venkatesh, Ganesh and Sampson, Jack and Goulding, Nathan and Garcia, Saturnino and Bryksin, Vladyslav and Lugo-Martinez, Jose and Swanson, Steven and Taylor, Michael Bedford},
 title = {Conservation cores: reducing the energy of mature computations},
 journal = {SIGARCH Comput. Archit. News},
  volume = {38},
 number = {1},
 month = mar,
 year = {2010},
 issn = {0163-5964},
 pages = {205--218},
 numpages = {14},
 } 

@article{Esmaeilzadeh:PowerChallenges,
 author = {Esmaeilzadeh, Hadi and Blem, Emily and Amant, Ren{\'e}e St. and Sankaralingam, Karthikeyan and Burger, Doug},
 title = {Power challenges may end the multicore era},
 journal = {Commun. ACM},
 issue_date = {February 2013},
 volume = {56},
 number = {2},
 month = feb,
 year = {2013},
 issn = {0001-0782},
 pages = {93--102},
 numpages = {10},
 } 

@inproceedings{Taylor:DAC,
 author = {Taylor, Michael B.},
 title = {Is dark silicon useful?: harnessing the four horsemen of the coming dark silicon apocalypse},
 booktitle = {Proceedings of the 49th Annual Design Automation Conference},
 series = {DAC '12},
 year = {2012},
 isbn = {978-1-4503-1199-1},
 location = {San Francisco, California},
 pages = {1131--1136},
 numpages = {6},
 } 



@book{Fisher:VLIW,
  title={Embedded computing: a VLIW approach to architecture, compilers and tools},
  author={Fisher, Joseph A and Faraboschi, Paolo and Young, Cliff},
  year={2004},
  publisher={Morgan Kaufmann}
}


@inproceedings{Chong:EAMA,
  title={Data-parallel large vocabulary continuous speech recognition on graphics processors},
  author={Chong, Jike and Yi, Youngmin and Faria, Arlo and Satish, Nadathur and Keutzer, Kurt},
  booktitle={EAMA},
  year={2008},
}
@inproceedings{Chong:Scalable,
author={Jike Chong and Kisun You and Youngmin Yi and Gonina, E. and Hughes, C. and Wonyong Sung and Keutzer, K.}, 
booktitle={Multimedia and Expo, 2009. ICME 2009. IEEE International Conference on}, title={Scalable HMM based inference engine in large vocabulary continuous speech recognition}, 
year={28 2009-July 3}, 
pages={1797-1800},
 }

@inproceedings{Bourke:Search,
  title={A low-power hardware search architecture for speech recognition},
  author={Bourke, Patrick J and Rutenbar, Rob A},
  booktitle={Interspeech},
  pages={2102--2105},
  year={2008}
}
@inproceedings{Lin:VoxSilico,
  title={Moving speech recognition from software to silicon: the in silico vox project},
  author={Lin, Edward C and Yu, Kai and Rutenbar, Rob A and Chen, Tsuhan},
  booktitle={Interspeech},
  year={2006},
}

@inproceedings{Mathew:GMM,
 author = {Mathew, Binu and Davis, Al and Fang, Zhen},
 title = {A low-power accelerator for the SPHINX 3 speech recognition system},
 booktitle = {Proceedings of the 2003 international conference on Compilers, architecture and synthesis for embedded systems},
 series = {CASES '03},
 year = {2003},
 pages = {210--219},
 numpages = {10},
}


@misc{Ravishankar:LLM,
  author =   "M. Ravishankar",
  title =    "Parallel Implementation of Fast Beam Search for
                  Speaker-Independent Continuous Speech Recognition",
  text =     "Ravishankar, M. K. Parallel Implementation of Fast
                  Beam Search for Speaker-Independent Continuous
                  Speech Recognition, Computer Science & Automation,
                  Indian Institute of Science, Bangalore, India,
                  1993.",
  year =     "1993",
}
@inproceedings{nedevschi:tier,
 author = {Nedevschi, Sergiu and Patra, Rabin K. and Brewer, Eric A.},
 title = {Hardware speech recognition for user interfaces in low cost, low power devices},
 booktitle = {Proceedings of the 42nd annual Design Automation Conference},
 series = {DAC '05},
 year = {2005},
 pages = {684--689},
}

@article{HP:Cacti6,
  title={CACTI 6.0: A tool to model large caches},
  author={Muralimanohar, Naveen and Balasubramonian, Rajeev and Jouppi, Norman P},
  journal={HP Laboratories},
  year={2009}
}

@article{Rosenfeld:DRAMSim2,
  title={Dramsim2: A cycle accurate memory system simulator},
  author={Rosenfeld, Paul and Cooper-Balis, Elliott and Jacob, Bruce},
  journal={Computer Architecture Letters},
  volume={10},
  number={1},
  pages={16--19},
  year={2011},
  publisher={IEEE}
}



@article{Young:HTK,
  title={The HTK book},
  author={Young, Steve and Evermann, Gunnar and Kershaw, Dan and Moore, Gareth and Odell, Julian and Ollason, Dave and Valtchev, Valtcho and Woodland, Phil},
  journal={Cambridge University Engineering Department},
  volume={3},
  year={2002}
}


@inproceedings{Krishna:Cases,
author = {Krishna, Rajeev and Mahlke, Scott and Austin, Todd},
 title = {Architectural optimizations for low-power, real-time speech recognition},
 booktitle = {Proceedings of the 2003 international conference on Compilers, architecture and synthesis for embedded systems},
 series = {CASES '03},
 year = {2003},
 pages = {220--231},
 numpages = {12},
}


@inproceedings{Lin:FPGA1k,
  title={A 1000-word vocabulary, speaker-independent, continuous live-mode speech recognizer implemented in a single FPGA},
  author={Lin, Edward C and Yu, Kai and Rutenbar, Rob A and Chen, Tsuhan},
 booktitle = {Proceedings of the ACM/SIGDA international symposium on Field programmable gate arrays},
 series = {FPGA '07},
  pages={60--68},
  year={2007}
}

@inproceedings{Lin:FPGA5k,
  title={A multi-fpga 10x-real-time high-speed search engine for a 5000-word vocabulary speech recognizer},
  author={Lin, Edward C and Rutenbar, Rob A},
 booktitle = {Proceedings of the ACM/SIGDA international symposium on Field programmable gate arrays},
 series = {FPGA '09},
 year = {2009},
  pages = {83--92},
}



@book{Allen:OptimizingCompilers,
  title={Optimizing Compilers for Modern Architectures},
  author={Allen, R. and Kennedy, K.},
  year={2002},
  publisher={Morgan Kaufmann}
}



@inproceedings{Kamil:SEJITS,
  title={Bringing parallel performance to python with domain-specific selective embedded just-in-time specialization},
  author={Kamil, S. and Coetzee, D. and Fox, A.},
  booktitle={Python for Scientific Computing Conference (SciPy)},
  year={2011}
}

@INPROCEEDINGS{Lattner:LLVM, 
author={Lattner, C. and Adve, V.},
booktitle={Code Generation and Optimization, 2004. CGO 2004. International Symposium on}, title={LLVM: a compilation framework for lifelong program analysis transformation},
year={2004},
month={march},
volume={},
number={},
pages={ 75 - 86},
keywords={Algorithm design and analysis;Application software;Arithmetic;High level languages;Information analysis;Performance analysis;Program processors;Runtime;Software safety;Virtual machining; C language; exception handling; optimising compilers; program diagnostics; virtual machines; code representation; compiler framework; compiler performance; compiler transformations; exception handling; language-independent type-system; low level virtual machine; program analysis; program transformation; static single assignment form; typed address arithmetic;},
doi={10.1109/CGO.2004.1281665},
ISSN={},
}

@INPROCEEDINGS{Sheffield:TFJ,
author={Sheffield, D. and Anderson, M. and Keutzer, K.},
booktitle={22nd International Conference on Field Programmable Logic and Applications (FPL)}, title={Automatic generation of application-specific accelerators for FPGAs from python loop nests},
year={2012},
volume={},
number={},
ISSN={},
}

@misc{Xilinx:Zynq,
  author = {Xilinx},
  title = {DS190 Zynq-700 All Programmable SoC Overview},
}

@inproceedings{Anantharaman:Acc,
 author = {Anantharaman, T. S. and Bisiani, R.},
 title = {A hardware accelerator for speech recognition algorithms},
 booktitle = {Proceedings of the 13th annual international symposium on Computer architecture},
 series = {ISCA '86},
 year = {1986},
 pages = {216--223},
 numpages = {8},
} 

@INPROCEEDINGS{Kavaler:Warp,
author={Kavaler, R. and Brodersen, R. and Noll, T. and Lowy, M. and Murveit, H.},
booktitle={Acoustics, Speech, and Signal Processing, IEEE International Conference on ICASSP '84.}, 
title={A dynamic time warp IC for a one thousand word recognition system},
year={Mar},
volume={9},
pages={375-378},
}

@book{Waterman:RISCV,
    Author = {Waterman, Andrew and Lee, Yunsup and Patterson, David A. and Asanovi\'{c}, Krste},
    Title = {The RISC-V Instruction Set Manual, Volume I: Base User-Level ISA},
    Number = {UCB/EECS-2011-62}
}

@misc{ARM:Cortex-A7,
  author = {ARM},
  url = {http://www.arm.com/products/processors/cortex-a/cortex-a7.php},
  title = {Cortex-A7 Processor},
}

@misc{Robinson:Battery,
  author = {Robinson, Stuart},
  title = {Cellphone Energy Gap: Desperately Seeking Solutions},
  year = {2009},
}

@misc{Pandaboard,
  url = {http://pandaboard.org/},
  title = {Pandaboard},
}

@misc{Denali:LPDDR,
  author = {Greenberg, Marc},
  url = {https://www.denali.com/en/whitepaper/2009/lpddr2},
  title = {How Much Power Will a Low-Power SDRAM Save you},
  year = {2009},
}


@book{Bhatnagar:ASIC,
  title={Advanced ASIC Chip Synthesis Using Synopsys{\textregistered} Design Compiler{\textregistered} Physical Compiler{\textregistered} and PrimeTime{\textregistered}},
  author={Bhatnagar, Himanshu},
  year={2001},
  publisher={Springer}
}




@inproceedings{Bachrach:2012,
 author = {Bachrach, Jonathan and Vo, Huy and Richards, Brian and Lee, Yunsup and Waterman, Andrew and Avi\v{z}ienis, Rimas and Wawrzynek, John and Asanovi\'{c}, Krste},
 title = {Chisel: constructing hardware in a Scala embedded language},
 booktitle = {Proceedings of the 49th Annual Design Automation Conference},
 series = {DAC '12},
 numpages = {10},
} 

@inproceedings{venkatesh:cc,
  author = {Venkatesh, Ganesh and Sampson, John and Goulding, Nathan and Garcia, Saturnino and Bryskin, Slavik and Lugo-Martinez, Jose and Steven, Swanson and Taylor, Michael Bedford}, 
  title= {Conservation Cores: Reducing the Energy of Mature Computations},
  booktitle = {Architectural Support for Programming Languages and Operating Systems},
  series = {Asplos '10},
  numpages = {14},
}

@book{NVIDIA:Tegra2,
  author = {AnandTech},
  title = {LG Optimus 2X \& NVIDIA Tegra 2 Review},
}

@article{russell-cray1-cacm1978,
  title     = {The {Cray-1} Computer System},
  author    = {Richard M. Russell},
  journal   = {Communications of the ACM},
  month     = JAN,
  year      = {1978},
  volume    = {21},
  number    = {1},
  pages     = {63--72},
}

@phdthesis{asanovic-t0-ucbphd1998,
  author    = {Krste Asanovi\'{c}},
  title     = {Vector Microprocessors},
  school    = {EECS Department, University of California, Berkeley},
  year      = {1998},
}

@phdthesis{kozyrakis-viram-ucbphd2002,
  author    = {Christoforos Kozyrakis},
  title     = {Scalable Vector Media-processors for Embedded Systems},
  school    = {EECS Department, University of California, Berkeley},
  year      = {2002},
}

@phdthesis{hampton-mitphd2008,
  author    = {Mark Hampton},
  title     = {Reducing Exception Management Overhead with Software Restart Markers},
  school    = {Massachusetts Institute of Technology},
  year      = {2008},
}

